
@article{harper2015MovieLensDatasetsHistory,
  title = {The {{MovieLens Datasets}}: {{History}} and {{Context}}},
  shorttitle = {The {{MovieLens Datasets}}},
  author = {Harper, F. Maxwell and Konstan, Joseph A.},
  year = {2015},
  month = dec,
  volume = {5},
  pages = {1--19},
  issn = {21606455},
  doi = {10.1145/2827872},
  file = {/home/simon/Zotero/storage/LWQ936P4/Harper and Konstan - 2015 - The MovieLens Datasets History and Context.pdf},
  journal = {ACM Transactions on Interactive Intelligent Systems},
  language = {en},
  number = {4}
}

@inproceedings{10.1145/1273496.1273596, author = {Salakhutdinov, Ruslan and Mnih, Andriy and Hinton, Geoffrey}, title = {Restricted Boltzmann Machines for Collaborative Filtering}, year = {2007}, isbn = {9781595937933}, publisher = {Association for Computing Machinery}, address = {New York, NY, USA}, url = {https://doi.org/10.1145/1273496.1273596}, doi = {10.1145/1273496.1273596}, booktitle = {Proceedings of the 24th International Conference on Machine Learning}, pages = {791–798}, numpages = {8}, location = {Corvalis, Oregon, USA}, series = {ICML ’07} }

@inproceedings{bennett2007netflix,
  title={The netflix prize},
  author={Bennett, James and Lanning, Stan and others},
  booktitle={Proceedings of KDD cup and workshop},
  volume={2007},
  pages={35},
  year={2007},
  organization={Citeseer}
}

